%% This BibTeX bibliography file was created using BibDesk.
%% https://bibdesk.sourceforge.io/

%% Created for Christian Steinmetz at 2020-10-08 15:26:51 -0400 


%% Saved with string encoding Unicode (UTF-8) 



@inproceedings{nair2010rectified,
	Author = {Nair, Vinod and Hinton, Geoffrey E.},
	Booktitle = {Proc. of the Int. Conf. on Machine Learning (ICML)},
	Date-Added = {2020-10-02 09:44:51 -0400},
	Date-Modified = {2020-10-08 15:25:54 -0400},
	Pages = {807-814},
	Title = {Rectified linear units improve restricted boltzmann machines},
	Year = {2010}}

@inproceedings{he2016deep,
	Author = {He, Kaiming and Zhang, Xiangyu and Ren, Shaoqing and Sun, Jian},
	Booktitle = {Proc. of the IEEE Conf. on Computer Vision and Pattern Recognition (CVPR)},
	Date-Added = {2020-09-29 08:54:39 -0400},
	Date-Modified = {2020-10-08 15:10:35 -0400},
	Pages = {770--778},
	Title = {Deep residual learning for image recognition},
	Year = {2016}}

@inproceedings{rethage2018wavenet,
	Author = {Rethage, Dario and Pons, Jordi and Serra, Xavier},
	Booktitle = {IEEE Int. Conf. on Acoustics, Speech and Signal Processing (ICASSP)},
	Date-Added = {2020-09-28 19:28:39 -0400},
	Date-Modified = {2020-10-08 15:13:13 -0400},
	Organization = {IEEE},
	Pages = {5069-5073},
	Title = {A wavenet for speech denoising},
	Year = {2018}}

@article{purwins2019deep,
	Author = {Purwins, Hendrik and Li, Bo and Virtanen, Tuomas and Schl{\"u}ter, Jan and Chang, Shuo-Yiin and Sainath, Tara},
	Date-Added = {2020-09-28 19:18:32 -0400},
	Date-Modified = {2020-09-28 19:18:32 -0400},
	Journal = {IEEE Journal of Selected Topics in Signal Processing},
	Number = {2},
	Pages = {206--219},
	Publisher = {IEEE},
	Title = {Deep learning for audio signal processing},
	Volume = {13},
	Year = {2019}}

@article{howard2017mobilenets,
	Author = {Howard, Andrew G. and Zhu, Menglong and Chen, Bo and others},
	Date-Added = {2020-09-28 16:44:06 -0400},
	Date-Modified = {2020-10-08 15:25:10 -0400},
	Journal = {arXiv:1704.04861},
	Title = {Mobilenets: Efficient convolutional neural networks for mobile vision applications},
	Year = {2017}}

@inproceedings{pytorch,
	Author = {Paszke, Adam and Gross, Sam and Massa, Francisco and others},
	Booktitle = {Advances in Neural Information Processing Systems (NeurIPS)},
	Date-Added = {2020-09-28 16:22:33 -0400},
	Date-Modified = {2020-10-08 15:20:58 -0400},
	Pages = {8024-8035},
	Publisher = {Curran Associates, Inc.},
	Title = {PyTorch: an imperative style, high-performance deep learning library},
	Url = {http://papers.neurips.cc/paper/9015-pytorch-an-imperative-style-high-performance-deep-learning-library.pdf},
	Volume = {32},
	Year = {2019},
	Bdsk-Url-1 = {http://papers.neurips.cc/paper/9015-pytorch-an-imperative-style-high-performance-deep-learning-library.pdf}}

@article{oord2016wavenet,
	Author = {Oord, Aaron van den and Dieleman, Sander and Zen, Heiga and others},
	Date-Added = {2020-09-28 09:58:55 -0400},
	Date-Modified = {2020-10-08 15:14:39 -0400},
	Journal = {arXiv:1609.03499},
	Title = {WaveNet: A generative model for raw audio},
	Year = {2016}}

@inproceedings{long2015fcn,
	Author = {Long, Jonathan and Shelhamer, Evan and Darrell, Trevor},
	Booktitle = {Proc. of the IEEE Conf. on Computer Vision and Pattern Recognition (CVPR)},
	Date-Added = {2020-09-28 09:43:21 -0400},
	Date-Modified = {2020-10-08 15:13:55 -0400},
	Pages = {3431--3440},
	Title = {Fully convolutional networks for semantic segmentation},
	Year = {2015}}

@article{bai2018tcn,
	Author = {Bai, Shaojie and Kolter, J. Sizo and Koltun, Vladlen},
	Date-Added = {2020-09-28 08:31:27 -0400},
	Date-Modified = {2020-10-08 15:14:49 -0400},
	Journal = {arXiv:1803.01271},
	Title = {An empirical evaluation of generic convolutional and recurrent networks for sequence modeling},
	Year = {2018}}

@inproceedings{zhang2018lstm,
	Author = {Zhichen Zhang and Edward Olbrych and Joseph Bruchalski and Thomas J. McCormick and David L. Livingston},
	Booktitle = {Proc. of IEEE Southeastcon},
	Date-Added = {2020-09-18 11:25:01 -0400},
	Date-Modified = {2020-10-08 15:18:12 -0400},
	Pages = {1-5},
	Title = {A vacuum-tube guitar amplifier model using long/short-term memory networks},
	Year = {2018}}

@article{wright2020real,
	Author = {Wright, Alec and Damsk{\"a}gg, Eero-Pekka and Juvela, Lauri and V{\"a}lim{\"a}ki, Vesa},
	Date-Added = {2020-09-18 11:24:57 -0400},
	Date-Modified = {2020-09-18 11:24:57 -0400},
	Journal = {Applied Sciences},
	Number = {3},
	Pages = {766},
	Publisher = {Multidisciplinary Digital Publishing Institute},
	Title = {Real-time guitar amplifier emulation with deep learning},
	Volume = {10},
	Year = {2020}}

@inproceedings{covert2013rnn,
	Author = {Covert, John and Livingston, David L.},
	Booktitle = {Proc. of IEEE Southeastcon},
	Date-Added = {2020-09-18 11:24:46 -0400},
	Date-Modified = {2020-10-08 15:06:56 -0400},
	Doi = {10.1109/SECON.2013.6567472},
	Month = {April},
	Pages = {1-5},
	Title = {A vacuum-tube guitar amplifier model using a recurrent neural network},
	Year = {2013},
	Bdsk-Url-1 = {https://doi.org/10.1109/SECON.2013.6567472}}

@inproceedings{schmitz2018nonlinear,
	Author = {Schmitz, Thomas and Embrechts, Jean-Jacques},
	Booktitle = {144th Convention of the Audio Engineering Society (AES)},
	Date-Added = {2020-09-18 11:24:38 -0400},
	Date-Modified = {2020-10-08 15:26:50 -0400},
	Title = {Nonlinear real-time emulation of a tube amplifier with a long short time memory neural-network},
	Year = {2018}}

@inproceedings{martinez2019nonlinear,
	Author = {Mart{\'\i}nez Ram{\'\i}rez, Marco A. and Reiss, Joshua D.},
	Booktitle = {IEEE Int Conf. on Acoustics, Speech and Signal Processing (ICASSP)},
	Date-Added = {2020-09-18 11:24:30 -0400},
	Date-Modified = {2020-10-08 15:25:18 -0400},
	Doi = {10.1109/ICASSP.2019.8683529},
	Pages = {171-175},
	Title = {Modeling Nonlinear Audio Effects with End-to-end Deep Neural Networks},
	Year = {2019},
	Bdsk-Url-1 = {https://doi.org/10.1109/ICASSP.2019.8683529}}

@inproceedings{damskagg2019distortion,
	Author = {Damsk{\"a}gg, Eero-Pekka and Juvela, Lauri and V{\"a}lim{\"a}ki, Vesa and others},
	Booktitle = {Sound and Music Computing Conf. (SMC)},
	Date-Added = {2020-09-18 11:23:50 -0400},
	Date-Modified = {2020-10-08 15:24:25 -0400},
	Doi = {10.5281/zenodo.3249374},
	Location = {M{\'a}laga, Spain},
	Pages = {332-339},
	Title = {{Real-time modeling of audio distortion circuits with deep learning}},
	Url = {https://doi.org/10.5281/zenodo.3249374},
	Year = {2019},
	Bdsk-Url-1 = {https://doi.org/10.5281/zenodo.3249374}}

@article{schmidhuber2015deep,
	Author = {Schmidhuber, J{\"u}rgen},
	Date-Added = {2020-09-18 11:22:14 -0400},
	Date-Modified = {2020-10-08 15:10:17 -0400},
	Journal = {Neural networks},
	Pages = {85-117},
	Publisher = {Elsevier},
	Title = {Deep learning in neural networks: An overview},
	Volume = {61},
	Year = {2015}}

@inbook{shepherd2003distortion,
	Date-Added = {2020-09-18 10:48:54 -0400},
	Date-Modified = {2020-10-08 15:02:11 -0400},
	Editor = {Shepherd, John and Horn, David and Laing, Dave and Oliver, Paul and Wicke, Peter},
	Isbn = {9780826463210},
	Lccn = {2002074146},
	Pages = {286},
	Publisher = {Bloomsbury Academic},
	Series = {Encyclopedia of Popular Music of the World},
	Title = {Continuum Encyclopedia of Popular Music of the World: Performance and production. Volume 2},
	Year = {2003},
	Bdsk-Url-1 = {https://books.google.co.uk/books?id=0tz5YpijuksC}}

@inproceedings{deman2014adaptive,
	Author = {De Man, Brecht and Reiss, Joshua D},
	Booktitle = {Audio Engineering Society Conference: 53rd International Conference: Semantic Audio},
	Organization = {Audio Engineering Society},
	Title = {Adaptive control of amplitude distortion effects},
	Year = {2014}}
